<collection xmlns="http://www.loc.gov/MARC21/slim">
<record>
  <leader>00946nam0a22002171i 450 </leader>
  <controlfield tag="001">IT\ICCU\CNCE\066262</controlfield>
  <controlfield tag="005">20110921000000.0</controlfield>
  <datafield tag="012" ind1=" " ind2=" ">
    <subfield code="a">i:i- o.t. s.o. Ida- (C) 1514 (Q)</subfield>
    <subfield code="2">fei</subfield>
  </datafield>
  <datafield tag="100" ind1=" " ind2=" ">
    <subfield code="a">20060828f1514        0itac0103    ba</subfield>
  </datafield>
  <datafield tag="101" ind1=" " ind2=" ">
    <subfield code="a">LAT</subfield>
  </datafield>
  <datafield tag="102" ind1=" " ind2=" ">
    <subfield code="a">IT</subfield>
  </datafield>
  <datafield tag="200" ind1="1" ind2=" ">
    <subfield code="a">℗Leo papa X. ℗Dilecte fili noster salutem &amp; apostolicam benedictionem ...</subfield>
  </datafield>
  <datafield tag="210" ind1=" " ind2=" ">
    <subfield code="d">\1514?!</subfield>
  </datafield>
  <datafield tag="215" ind1=" " ind2=" ">
    <subfield code="a">\6! c.</subfield>
    <subfield code="d">4ʻ</subfield>
  </datafield>
  <datafield tag="300" ind1=" " ind2=" ">
    <subfield code="a">Breve con il quale si conferma al card. Antonio Maria Ciocchi del Monte la carica di legato dell&apos;Umbria, concessagli da papa Giulio II. - Stampata presumibilmente a Roma. La data si ricava da quella di emanazione: Roma, 16 marzo 1514</subfield>
  </datafield>
  <datafield tag="620" ind1=" " ind2=" ">
    <subfield code="a">IT</subfield>
    <subfield code="d">Roma</subfield>
  </datafield>
  <datafield tag="700" ind1=" " ind2="0">
    <subfield code="a">Leo</subfield>
    <subfield code="c"> &lt;papa</subfield>
    <subfield code="c"> ; 10.&gt;</subfield>
    <subfield code="3">IT\ICCU\CNCA\003148</subfield>
  </datafield>
  <datafield tag="712" ind1="0" ind2="2">
    <subfield code="a">s.n.</subfield>
    <subfield code="3">IT\ICCU\CNCT\000002</subfield>
    <subfield code="4">650</subfield>
  </datafield>
  <datafield tag="790" ind1=" " ind2="1">
    <subfield code="a">Medici,</subfield>
    <subfield code="b">Giovanni : de&apos;</subfield>
    <subfield code="3">IT\ICCU\CNCA\014500</subfield>
    <subfield code="z">Leo &lt;papa ; 10.&gt;</subfield>
  </datafield>
  <datafield tag="801" ind1=" " ind2="3">
    <subfield code="a">IT</subfield>
    <subfield code="b">ICCU</subfield>
    <subfield code="c">20201115</subfield>
  </datafield>
  <datafield tag="899" ind1=" " ind2=" ">
    <subfield code="a">Biblioteca universitaria Alessandrina. Roma</subfield>
    <subfield code="1">RM0280</subfield>
    <subfield code="2">RML 01</subfield>
  </datafield>
</record>
</collection>
